@article{abs-2404-03515,
  author       = {Francesco Pontiggia and
                  Ezio Bartocci and
                  Michele Chiari},
  title        = {Model Checking Probabilistic Operator Precedence Automata},
  journal      = {CoRR},
  year         = {2024},
  url          = {https://doi.org/10.48550/arXiv.2404.03515},
  eprinttype    = {arXiv}
}

@inproceedings{WinklerK23a,
  author       = {Tobias Winkler and
                  Joost{-}Pieter Katoen},
  _editor       = {Sriram Sankaranarayanan and
                  Natasha Sharygina},
  title        = {Certificates for Probabilistic Pushdown Automata via Optimistic Value
                  Iteration},
  booktitle    = {{TACAS}'23},
  series       = {LNCS},
  volume       = {13994},
  pages        = {391--409},
  publisher    = {Springer},
  year         = {2023},
  doi          = {10.1007/978-3-031-30820-8\_24},
}



@phdthesis{Wojtczak09,
  author       = {Dominik Wojtczak},
  title        = {Recursive probabilistic models : efficient analysis and implementation},
  school       = {University of Edinburgh, {UK}},
  year         = {2009},
  url          = {https://hdl.handle.net/1842/3217},
}



@inproceedings{WojtczakE07,
  author    = {Dominik Wojtczak and
               Kousha Etessami},
  _editor    = {Orna Grumberg and
               Michael Huth},
  title     = {{PReMo}: An Analyzer for Probabilistic Recursive Models},
  booktitle = {{TACAS}'07},
  series    = {LNCS},
  volume    = {4424},
  pages     = {66--71},
  publisher = {Springer},
  year      = {2007},
  doi       = {10.1007/978-3-540-71209-1\_7},
}

@article{MP18,
    author = {D. Mandrioli and M. Pradella},
    title = {Generalizing input-driven languages: Theoretical and practical benefits},
    journal = {Computer Science Review},
    volume = {27},
    year = {2018},
    pages = {61--87},
    doi = {10.1016/j.cosrev.2017.12.001},
}



@article{ChiariMP21b,
  author    = {Michele Chiari and
               Dino Mandrioli and
               Matteo Pradella},
  title     = {A First-Order Complete Temporal Logic for Structured Context-Free Languages},
  journal   = {Log. Methods Comput. Sci.},
  volume    = {18:3},
  year      = {2022},
  _url       = {https://lmcs.episciences.org/9863},
  doi = {10.46298/LMCS-18(3:11)2022},
  numpages  = {49}
}

@article{ChiariMPP23,
author = {Chiari, Michele and Mandrioli, Dino and Pontiggia, Francesco and Pradella, Matteo},
title = {A Model Checker for Operator Precedence Languages},
year = {2023},
publisher = {ACM},
address = {New York, NY, USA},
volume = {45},
number = {3},
issn = {0164-0925},
_url = {https://doi.org/10.1145/3608443},
doi = {10.1145/3608443},
journal = {ACM Trans. Program. Lang. Syst.},
articleno = {19},
numpages = {66}
}

@misc{POPACheck,
      title={{POPACheck: a Model Checker for probabilistic Pushdown Automata}}, 
      author={Francesco Pontiggia and Ezio Bartocci and Michele Chiari},
      year={2025},
      eprint={2502.03956},
      archivePrefix={arXiv},
      url={https://arxiv.org/abs/2502.03956},
      _primaryClass={cs.LO},   
}

@article{EtessamiY09,
  author       = {Kousha Etessami and
                  Mihalis Yannakakis},
  title        = {Recursive Markov chains, stochastic grammars, and monotone systems
                  of nonlinear equations},
  journal      = {J. {ACM}},
  volume       = {56},
  number       = {1},
  pages        = {1:1--1:66},
  year         = {2009},
  url          = {https://doi.org/10.1145/1462153.1462154},
  doi          = {10.1145/1462153.1462154},
}

@Article{Floyd1963,
  Title                    = {{Syntactic Analysis and Operator Precedence}},
  Author                   = {R. W. Floyd},
  Journal                  = {JACM},
  Year                     = {1963},
  Number                   = {3},
  Pages                    = {316--333},
  Volume                   = {10},
  DOI                      = {10.1145/321172.321179}
}

@article{DBLP:journals/cacm/Floyd64,
  author    = {R. W. Floyd},
  title     = {Bounded context syntactic analysis},
  journal   = {Commun. {ACM}},
  volume    = {7},
  number    = {2},
  pages     = {62--67},
  year      = {1964}
}

@inproceedings{JensenLT99,
 author={T. {Jensen} and D. {Le Metayer} and T. {Thorn}},
 booktitle={Proc. '99 IEEE Symp. on Security and Privacy},
 title={Verification of control flow based security properties},
 year={1999},
 pages={89-103},
 doi={10.1109/SECPRI.1999.766902},
 ISSN={1081-6011}
}

@article{Sutter97,
  author = {Herb Sutter},
  title = {Exception-Safe Generic Containers},
  journal = {C++ Report},
  year = {1997},
  url = {https://ptgmedia.pearsoncmg.com/imprint_downloads/informit/aw/meyerscddemo/DEMO/MAGAZINE/SU_FRAME.HTM}
}

@InProceedings{AlurEM04,
author="Alur, R.
and Etessami, K.
and Madhusudan, P.",
title="A Temporal Logic of Nested Calls and Returns",
booktitle="TACAS 2004",
year="2004",
publisher="Springer",
pages="467--481",
isbn="978-3-540-24730-2",
doi="10.1007/978-3-540-24730-2\_35"
}

@Article{lmcs/AlurABEIL08,
  Title                    = {First-Order and Temporal Logics for Nested Words},
  Author                   = {R. Alur and
 M. Arenas and
 P. Barcel{\'o} and
 K. Etessami and
 N. Immerman and
 L. Libkin},
  Journal                  = {LMCS},
  Year                     = {2008},
  Number                   = {4},
  Volume                   = {4},
  DOI                      = {10.2168/LMCS-4(4:11)2008}
}

@Article{jacm/AlurM09,
  Title                    = {Adding nesting structure to words},
  Author                   = {R. Alur and P. Madhusudan},
  Journal                  = {JACM},
  Year                     = {2009},
  Number                   = {3},
  Volume                   = {56},
  DOI                      = {10.1145/1516512.1516518},
  Bibdate                  = {2009-05-20},
  Bibsource                = {DBLP,
 http://dblp.uni-trier.de/db/journals/jacm/jacm56.html#AlurM09}
}

@inproceedings{Abrahams00,
author = {Abrahams, D.},
doi = {10.1007/3-540-39953-4\_6},
pages = {69--79},
publisher = {Springer},
title = {{Exception-Safety in Generic Components}},
booktitle="Generic Programming",
year="2000"
}

@Inproceedings{ChiariMP18,
  author    = {Chiari, M. and Mandrioli, D. and Pradella, M.},
  year      = {2018},
  title     = {Temporal Logic and Model Checking for Operator Precedence Languages},
  booktitle = {GandALF 2018},
  series    = {EPTCS},
  volume    = {277},
  publisher = {Open Publishing Association},
  pages     = {161-175},
  doi       = {10.4204/EPTCS.277.12},
}

@article{ChiariMP20a,
author = "Michele Chiari and Dino Mandrioli and Matteo Pradella",
title = "Operator Precedence Temporal Logic and Model Checking",
journal = "Theoretical Computer Science",
year = "2020",
issn = "0304-3975",
doi = "10.1016/j.tcs.2020.08.034",
note = "To appear."
}

@article{ChiariMP19,
  author    = {Michele Chiari and
               Dino Mandrioli and
               Matteo Pradella},
  title     = {{POTL:} {A} First-Order Complete Temporal Logic for Operator Precedence
               Languages},
  journal   = {CoRR},
  volume    = {abs/1910.09327},
  year      = {2019},
  url       = {http://arxiv.org/abs/1910.09327},
  archivePrefix = {arXiv},
  eprint    = {1910.09327},
}

@misc{pomc,
  author = {Michele Chiari and
            Davide Bergamaschi},
  title = {{POMC}},
  url = {https://github.com/michiari/POMC}
}

@misc{z3,
  author = {Microsoft Research},
  title = {{Z3}},
  url = {https://github.com/Z3Prover/z3}
}

@inproceedings{ChiariMP21,
  author = {Michele Chiari and
            Dino Mandrioli and
            Matteo Pradella},
  title  = {Model-Checking Structured Context-Free Languages},
  booktitle = {{CAV} '21},
  series = {LNCS},
  publisher = {Springer},
  volume    = {12760},
  _editor = {A. Silva and K. R. M. Leino},
  year = {2021},
  pages = {387â€“410},
  doi = {10.1007/978-3-030-81688-9_18}
}

@inproceedings{ChiariGGP24,
  author = {Michele Chiari and
            Luca Geatti and
            Nicola Gigante and
            Matteo Pradella},
  title  = {SMT-Based Symbolic Model-Checking for Operator Precedence Languages},
  booktitle = {{CAV} '24},
  series = {LNCS},
  publisher = {Springer},
  volume    = {14681},
  year = {2024},
  pages = {387-408},
  doi = {10.1007/978-3-031-65627-9_19}
}
